<record><leader>00000cas a22000007a 4500</leader><controlfield tag="001">174144296</controlfield><controlfield tag="008">071015c20069999tnuer n       |   a0eng c</controlfield><datafield ind1=" " ind2=" " tag="010"><subfield code="a">  2007215635</subfield></datafield><datafield ind1=" " ind2=" " tag="040"><subfield code="a">NSD</subfield><subfield code="b">eng</subfield><subfield code="c">NSD</subfield><subfield code="d">NSD</subfield><subfield code="d">OCLCQ</subfield></datafield><datafield ind1=" " ind2=" " tag="012"><subfield code="l">1</subfield></datafield><datafield ind1="0" ind2=" " tag="022"><subfield code="a">1940-378X</subfield><subfield code="l">1940-378X</subfield><subfield code="2">1</subfield></datafield><datafield ind1=" " ind2=" " tag="037"><subfield code="b">The Murfreesboro Pulse, 201 W. Main St., Ste 301, Mursfreeboro, TN 37130</subfield><subfield code="c">free</subfield></datafield><datafield ind1=" " ind2=" " tag="042"><subfield code="a">nsdp</subfield><subfield code="a">msc</subfield></datafield><datafield ind1="1" ind2="0" tag="050"><subfield code="a">ISSN RECORD</subfield></datafield><datafield ind1="1" ind2="0" tag="082"><subfield code="a">071</subfield><subfield code="2">14</subfield></datafield><datafield ind1=" " ind2="4" tag="222"><subfield code="a">The Murfreesboro pulse</subfield></datafield><datafield ind1="0" ind2="4" tag="245"><subfield code="a">The Murfreesboro pulse.</subfield></datafield><datafield ind1="3" ind2="0" tag="246"><subfield code="a">Pulse</subfield></datafield><datafield ind1=" " ind2=" " tag="260"><subfield code="a">Mursfreeboro, TN :</subfield><subfield code="b">B. Mayo</subfield></datafield><datafield ind1=" " ind2=" " tag="300"><subfield code="a">v.</subfield></datafield><datafield ind1=" " ind2=" " tag="310"><subfield code="a">Biweekly</subfield></datafield><datafield ind1="1" ind2=" " tag="362"><subfield code="a">Began with vol. 1, issue 1 (Jan. 12, 2006).</subfield></datafield><datafield ind1=" " ind2=" " tag="588"><subfield code="a">Description based on: Vol. 2, issue 15 (July 26, 2007); title from cover.</subfield></datafield><datafield ind1=" " ind2=" " tag="588"><subfield code="a">Latest issue consulted: Vol. 2, issue 17 (Aug. 23, 2007).</subfield></datafield><datafield ind1="1" ind2=" " tag="700"><subfield code="a">Mayo, Bracken.</subfield></datafield><datafield ind1=" " ind2=" " tag="752"><subfield code="a">United States</subfield><subfield code="b">Tennessee</subfield><subfield code="c">Rutherford County</subfield><subfield code="d">Murfreesboro.</subfield></datafield><datafield ind1="4" ind2="1" tag="856"><subfield code="u">http://boropulse.com</subfield></datafield></record>